<record><leader>00000cas a2200000 i 4500</leader><controlfield tag="001">11051568</controlfield><controlfield tag="008">840814d18731876inuwr ne      0    0eng c</controlfield><datafield ind1=" " ind2=" " tag="010"><subfield code="a">sn 84023877 </subfield></datafield><datafield ind1=" " ind2=" " tag="040"><subfield code="a">AQM</subfield><subfield code="b">eng</subfield><subfield code="e">rda</subfield><subfield code="c">AQM</subfield><subfield code="d">NPX</subfield><subfield code="d">NPI</subfield><subfield code="d">OCLCQ</subfield><subfield code="d">IUL</subfield><subfield code="d">OCLCF</subfield></datafield><datafield ind1="1" ind2=" " tag="029"><subfield code="a">AU@</subfield><subfield code="b">000025829030</subfield></datafield><datafield ind1=" " ind2=" " tag="042"><subfield code="a">pcc</subfield></datafield><datafield ind1=" " ind2=" " tag="043"><subfield code="a">n-us-in</subfield></datafield><datafield ind1="0" ind2="4" tag="245"><subfield code="a">The Brazil weekly echo.</subfield></datafield><datafield ind1="1" ind2="3" tag="246"><subfield code="a">Echo</subfield></datafield><datafield ind1=" " ind2="1" tag="264"><subfield code="a">Brazil, Ind. :</subfield><subfield code="b">Herr, Gray, &amp; Earle,</subfield><subfield code="c">1873-</subfield></datafield><datafield ind1=" " ind2=" " tag="300"><subfield code="a">volumes :</subfield><subfield code="b">illustrations (chiefly advertisements) ;</subfield><subfield code="c">64 cm</subfield></datafield><datafield ind1=" " ind2=" " tag="310"><subfield code="a">Weekly</subfield></datafield><datafield ind1=" " ind2=" " tag="336"><subfield code="a">text</subfield><subfield code="b">txt</subfield><subfield code="2">rdacontent</subfield></datafield><datafield ind1=" " ind2=" " tag="337"><subfield code="a">unmediated</subfield><subfield code="b">n</subfield><subfield code="2">rdamedia</subfield></datafield><datafield ind1=" " ind2=" " tag="338"><subfield code="a">volume</subfield><subfield code="b">nc</subfield><subfield code="2">rdacarrier</subfield></datafield><datafield ind1="0" ind2=" " tag="362"><subfield code="a">Vol. 1, no. 27 (Oct. 2, 1873)-</subfield></datafield><datafield ind1="1" ind2=" " tag="362"><subfield code="a">Ceased in Dec. 1876.</subfield><subfield code="z">Cf. Miller, John W. Indiana newspaper bibliog.</subfield></datafield><datafield ind1=" " ind2=" " tag="500"><subfield code="a">Editors: Isaac S. Herr, &lt;1873&gt;; P.T. Luther, &lt;1876&gt;; A. True Lansing, &lt;1876&gt;.</subfield></datafield><datafield ind1=" " ind2=" " tag="500"><subfield code="a">Publishers: Isaac S. Herr, Thomas Gray &amp; D.G. Earle, 1873; Herr &amp; Earle, 1873-1874; Thomas J. Gray, 1874-1875; Clay Publishing Association, 1875-1876.</subfield></datafield><datafield ind1=" " ind2=" " tag="588"><subfield code="a">Latest issue consulted: Vol. III, no. 51 (March 16, 1876); U.S. Newspaper Archive (viewed June 2, 2017).</subfield></datafield><datafield ind1=" " ind2="0" tag="651"><subfield code="a">Brazil (Ind.)</subfield><subfield code="v">Newspapers.</subfield></datafield><datafield ind1=" " ind2="0" tag="651"><subfield code="a">Clay County (Ind.)</subfield><subfield code="v">Newspapers.</subfield></datafield><datafield ind1=" " ind2="7" tag="651"><subfield code="a">Indiana</subfield><subfield code="z">Brazil.</subfield><subfield code="2">fast</subfield><subfield code="0">(OCoLC)fst01255154</subfield></datafield><datafield ind1=" " ind2="7" tag="651"><subfield code="a">Indiana</subfield><subfield code="z">Clay County.</subfield><subfield code="2">fast</subfield><subfield code="0">(OCoLC)fst01214662</subfield></datafield><datafield ind1=" " ind2="7" tag="655"><subfield code="a">Newspapers.</subfield><subfield code="2">fast</subfield><subfield code="0">(OCoLC)fst01423814</subfield></datafield><datafield ind1=" " ind2=" " tag="752"><subfield code="a">United States</subfield><subfield code="b">Indiana</subfield><subfield code="c">Clay</subfield><subfield code="d">Brazil.</subfield></datafield><datafield ind1="0" ind2="0" tag="780"><subfield code="t">Saturday evening echo</subfield><subfield code="w">(DLC)sn 84027349</subfield><subfield code="w">(OCoLC)11042070</subfield></datafield><datafield ind1="0" ind2="0" tag="785"><subfield code="t">Western mirror</subfield><subfield code="w">(DLC)sn 90099353</subfield><subfield code="w">(OCoLC)22304938</subfield></datafield><datafield ind1="4" ind2="1" tag="856"><subfield code="u">https://access.newspaperarchive.com/us/indiana/brazil/brazil-saturday-evening-echo/</subfield></datafield><datafield ind1="4" ind2="1" tag="856"><subfield code="u">https://access.newspaperarchive.com/us/indiana/brazil/brazil-weekly-echo/</subfield></datafield></record>